<record><leader>00000cas a22000007a 4500</leader><controlfield tag="001">22949423</controlfield><controlfield tag="008">910111d19801984arudn ne      0    0eng d</controlfield><datafield ind1=" " ind2=" " tag="010"><subfield code="a">sn 90050363 </subfield></datafield><datafield ind1=" " ind2=" " tag="040"><subfield code="a">ANU</subfield><subfield code="b">eng</subfield><subfield code="c">ANU</subfield><subfield code="d">OCLCQ</subfield><subfield code="d">OCLCF</subfield><subfield code="d">OCLCO</subfield></datafield><datafield ind1="1" ind2=" " tag="029"><subfield code="a">AU@</subfield><subfield code="b">000025849312</subfield></datafield><datafield ind1=" " ind2=" " tag="042"><subfield code="a">msc</subfield></datafield><datafield ind1=" " ind2=" " tag="043"><subfield code="a">n-us-ar</subfield></datafield><datafield ind1="0" ind2=" " tag="130"><subfield code="a">Forrest City times-herald (Forrest City, Ark. : 1980)</subfield></datafield><datafield ind1="1" ind2="0" tag="245"><subfield code="a">Forrest City times-herald.</subfield></datafield><datafield ind1=" " ind2=" " tag="260"><subfield code="a">Forrest City, Ark. :</subfield><subfield code="b">Times-Herald Pub. Co.</subfield></datafield><datafield ind1=" " ind2=" " tag="300"><subfield code="a">v.</subfield></datafield><datafield ind1=" " ind2=" " tag="310"><subfield code="a">Daily (except Saturday and Sunday)</subfield></datafield><datafield ind1="0" ind2=" " tag="362"><subfield code="a">109-107 (Apr. 3, 1980)-113-83 (Feb. 29, 1984).</subfield></datafield><datafield ind1=" " ind2="0" tag="651"><subfield code="a">Forrest City (Ark.)</subfield><subfield code="v">Newspapers.</subfield></datafield><datafield ind1=" " ind2="7" tag="655"><subfield code="a">Newspapers.</subfield><subfield code="2">fast</subfield><subfield code="0">(OCoLC)fst01423814</subfield></datafield><datafield ind1=" " ind2="7" tag="651"><subfield code="a">Arkansas</subfield><subfield code="z">Forrest City.</subfield><subfield code="2">fast</subfield><subfield code="0">(OCoLC)fst01220205</subfield></datafield><datafield ind1=" " ind2=" " tag="752"><subfield code="a">United States</subfield><subfield code="b">Arkansas</subfield><subfield code="c">Saint Francis</subfield><subfield code="d">Forrest City.</subfield></datafield><datafield ind1="0" ind2="0" tag="780"><subfield code="t">Times-herald (Forrest City, Ark. : 1974)</subfield><subfield code="w">(DLC)sn</subfield></datafield><datafield ind1="0" ind2="0" tag="785"><subfield code="t">Times-herald (Forrest City, Ark. : 1984)</subfield><subfield code="w">(DLC)sn</subfield></datafield></record>